@book{howie,
    title={Classical Mechanics},
    publisher={University Science Books},
    author={Taylor, John R.},
    year={2005}
}

@unpublished{woitke,
    title={Lecture notes for {PH}1011 {M}echanics},
    note={University of St. Andrews},
    author={Woitke, Peter},
    year={2019}
}
