@book{taylor,
    title={Classical Mechanics},
    publisher={University Science Books},
    author={Taylor, John R.},
    year={2005}
}

@unpublished{ph1011,
    title={Lecture notes for {PH}1011 and {PH}1012 {M}echanics},
    note={University of St. Andrews},
    author={Woitke, Peter and Hadfield, Lucy and Sinclair, Bruce},
    year={2019}
}

@unpublished{ph2011,
    title={Lecture notes for {PH}2011 and {PH}2012 {M}echanics},
    note={University of St. Andrews},
    author={Hadfield, Lucy and Cruickshank, Paul and Smith, Graham},
    year={2020}
}
