@book{howie,
    place={London, United Kingdom},
    title={Real Analysis},
    publisher={Springer London Ltd.},
    author={Howie, John M.},
    year={2001}
}

@book{tao_1,
    title={Analysis I},
    publisher={Hindustan Book Agency},
    author={Tao, Terence},
    year={2016}
}

@book{rudin,
    title={Principles of Mathematical Analysis},
    publisher={McGraw-Hill Book Company},
    author={Rudin, Walter},
    year={1953}
}

@book{tao_2,
    title={Analysis II},
    publisher={Hindustan Book Agency},
    author={Tao, Terence},
    year={2016}
}

@unpublished{fraser,
    title={Lecture notes for {MT}2502 {A}nalysis},
    note={University of St. Andrews},
    author={Fraser, Jonathan},
    year={2020}
}
