@book{schey,
    title={Div, Grad, Curl, and All That: An Informal Text on Vector Calculus},
    publisher={W.W. Norton \& Company},
    author={Schey, H. M.},
    year={2005}
}

@unpublished{notes,
    title={Lecture notes for {MT}2503 {M}ultivariate Calculus},
    note={University of St. Andrews},
    author={Naughton, Aidan and Reinaud, Jean and Dritschel, David},
    year={2020}
}
